<record><leader>00000cas a22000007a 4500</leader><controlfield tag="001">13243627</controlfield><controlfield tag="008">860306d189219uupauwr ne      0    0eng d</controlfield><datafield ind1=" " ind2=" " tag="010"><subfield code="a">sn 86081655 </subfield></datafield><datafield ind1=" " ind2=" " tag="040"><subfield code="a">NPH</subfield><subfield code="b">eng</subfield><subfield code="c">NPH</subfield><subfield code="d">OCL</subfield><subfield code="d">OCLCQ</subfield></datafield><datafield ind1=" " ind2=" " tag="042"><subfield code="a">msc</subfield></datafield><datafield ind1="0" ind2=" " tag="130"><subfield code="a">Star (Lebanon, Pa.)</subfield></datafield><datafield ind1="1" ind2="4" tag="245"><subfield code="a">The star.</subfield></datafield><datafield ind1=" " ind2=" " tag="260"><subfield code="a">Lebanon, Pa. :</subfield><subfield code="b">Wrigley &amp; Co.,</subfield><subfield code="c">1892-</subfield></datafield><datafield ind1=" " ind2=" " tag="300"><subfield code="a">v. ;</subfield><subfield code="c">57 cm.</subfield></datafield><datafield ind1=" " ind2=" " tag="310"><subfield code="a">Weekly</subfield></datafield><datafield ind1=" " ind2=" " tag="321"><subfield code="a">Semiweekly,</subfield><subfield code="b">&lt;June 17-Sept. 10, 1892&gt;</subfield></datafield><datafield ind1="0" ind2=" " tag="362"><subfield code="a">Vol. 1, no. 1 (June 17, 1892)-</subfield></datafield><datafield ind1=" " ind2=" " tag="580"><subfield code="a">Merged with: Lebanon advertiser, to from: Star-advertiser (Lebanon, Pa.) (non-extant). Salisbury, R. Pa. newspapers.</subfield></datafield><datafield ind1=" " ind2=" " tag="752"><subfield code="a">United States</subfield><subfield code="b">Pennsylvania</subfield><subfield code="c">Lebanon</subfield><subfield code="d">Lebanon.</subfield></datafield><datafield ind1="1" ind2="7" tag="785"><subfield code="t">Lebanon advertiser</subfield><subfield code="w">(DLC)sn 83032227</subfield></datafield><datafield ind1="1" ind2="7" tag="785"><subfield code="t">Star-advertiser (Lebanon, Pa.)</subfield></datafield><datafield ind1="1" ind2=" " tag="029"><subfield code="a">AU@</subfield><subfield code="b">000025816955</subfield></datafield></record>